
@article{abe_first_2021,
	title = {First gadolinium loading to {Super}-{Kamiokande}},
	issn = {01689002},
	url = {https://linkinghub.elsevier.com/retrieve/pii/S0168900221010883},
	doi = {10.1016/j.nima.2021.166248},
	language = {en},
	urldate = {2022-01-17},
	journal = {Nuclear Instruments and Methods in Physics Research Section A: Accelerators, Spectrometers, Detectors and Associated Equipment},
	author = {Abe, K. and Bronner, C. and Hayato, Y. and Hiraide, K. and Ikeda, M. and Imaizumi, S. and Kameda, J. and Kanemura, Y. and Kataoka, Y. and Miki, S. and Miura, M. and Moriyama, S. and Nagao, Y. and Nakahata, M. and Nakayama, S. and Okada, T. and Okamoto, K. and Orii, A. and Pronost, G. and Sekiya, H. and Shiozawa, M. and Sonoda, Y. and Suzuki, Y. and Takeda, A. and Takemoto, Y. and Takenaka, A. and Tanaka, H. and Watanabe, S. and Yano, T. and Han, S. and Kajita, T. and Okumura, K. and Tashiro, T. and Xia, J. and Megias, G.D. and Bravo-Berguño, D. and Labarga, L. and Marti, Ll. and Zaldivar, B. and Pointon, B.W. and Blaszczyk, F.d.M. and Kearns, E. and Raaf, J.L. and Stone, J.L. and Wan, L. and Wester, T. and Bian, J. and Griskevich, N.J. and Kropp, W.R. and Locke, S. and Mine, S. and Smy, M.B. and Sobel, H.W. and Takhistov, V. and Hill, J. and Kim, J.Y. and Lim, I.T. and Park, R.G. and Bodur, B. and Scholberg, K. and Walter, C.W. and Bernard, L. and Coffani, A. and Drapier, O. and Hedri, S. El and Giampaolo, A. and Gonin, M. and Mueller, Th.A. and Paganini, P. and Quilain, B. and Ishizuka, T. and Nakamura, T. and Jang, J.S. and Learned, J.G. and Anthony, L.H.V. and Martin, D. and Scott, M. and Sztuc, A.A. and Uchida, Y. and Cao, S. and Berardi, V. and Catanesi, M.G. and Radicioni, E. and Calabria, N.F. and Machado, L.N. and De Rosa, G. and Collazuol, G. and Iacob, F. and Lamoureux, M. and Mattiazzi, M. and Ospina, N. and Ludovici, L. and Maekawa, Y. and Nishimura, Y. and Friend, M. and Hasegawa, T. and Ishida, T. and Kobayashi, T. and Jakkapu, M. and Matsubara, T. and Nakadaira, T. and Nakamura, K. and Oyama, Y. and Sakashita, K. and Sekiguchi, T. and Tsukamoto, T. and Boschi, T. and Gao, J. and Di Lodovico, F. and Migenda, J. and Taani, M. and Zsoldos, S. and Kotsar, Y. and Nakano, Y. and Ozaki, H. and Shiozawa, T. and Suzuki, A.T. and Takeuchi, Y. and Yamamoto, S. and Ali, A. and Ashida, Y. and Feng, J. and Hirota, S. and Kikawa, T. and Mori, M. and Nakaya, T. and Wendell, R.A. and Yasutome, K. and Fernandez, P. and McCauley, N. and Mehta, P. and Tsui, K.M. and Fukuda, Y. and Itow, Y. and Menjo, H. and Niwa, T. and Sato, K. and Tsukada, M. and Lagoda, J. and Lakshmi, S.M. and Mijakowski, P. and Zalipska, J. and Jiang, J. and Jung, C.K. and Vilela, C. and Wilking, M.J. and Yanagisawa, C. and Hagiwara, K. and Harada, M. and Horai, T. and Ishino, H. and Ito, S. and Kitagawa, F. and Koshio, Y. and Ma, W. and Piplani, N. and Sakai, S. and Barr, G. and Barrow, D. and Cook, L. and Goldsack, A. and Samani, S. and Wark, D. and Nova, F. and Yang, J.Y. and Jenkins, S.J. and Malek, M. and McElwee, J.M. and Stone, O. and Thiesse, M.D. and Thompson, L.F. and Okazawa, H. and Kim, S.B. and Seo, J.W. and Yu, I. and Ichikawa, A.K. and Nakamura, K. and Nishijima, K. and Koshiba, M. and Iwamoto, K. and Nakajima, Y. and Ogawa, N. and Yokoyama, M. and Martens, K. and Vagins, M.R. and Kuze, M. and Izumiyama, S. and Yoshida, T. and Inomoto, M. and Ishitsuka, M. and Ito, H. and Kinoshita, T. and Matsumoto, R. and Ohta, K. and Shinoki, M. and Suganuma, T. and Martin, J.F. and Tanaka, H.A. and Towstego, T. and Akutsu, R. and Hartz, M. and Konaka, A. and de Perio, P. and Prouse, N.W. and Chen, S. and Xu, B.D. and Posiadala-Zezula, M. and Hadley, D. and O’Flaherty, M. and Richards, B. and Jamieson, B. and Walker, J. and Minamino, A. and Okamoto, K. and Pintaudi, G. and Sano, S. and Sasaki, R.},
	month = dec,
	year = {2021},
	pages = {166248},
	file = {Abe et al. - 2021 - First gadolinium loading to Super-Kamiokande.pdf:C\:\\Users\\p_h_m\\Zotero\\storage\\TBRHM8AJ\\Abe et al. - 2021 - First gadolinium loading to Super-Kamiokande.pdf:application/pdf},
}

@article{marti_evaluation_2020,
	title = {Evaluation of gadolinium’s action on water {Cherenkov} detector systems with {EGADS}},
	volume = {959},
	issn = {01689002},
	url = {https://linkinghub.elsevier.com/retrieve/pii/S0168900220301315},
	doi = {10.1016/j.nima.2020.163549},
	abstract = {Used for both proton decay searches and neutrino physics, large water Cherenkov (WC) detectors have been very successful tools in particle physics. They are notable for their large masses and charged particle detection capabilities. While current WC detectors reconstruct charged particle tracks over a wide energy range, they cannot efficiently detect neutrons. Gadolinium (Gd) has the largest thermal neutron capture cross section of all stable nuclei and produces an 8 MeV gamma cascade that can be detected with high efficiency. Because of the many new physics opportunities that neutron tagging with a Gd salt dissolved in water would open up, a large-scale R\&D program called EGADS was established to demonstrate this technique’s feasibility. EGADS features all the components of a WC detector, chiefly a 200-ton stainless steel water tank furnished with 240 photo-detectors, DAQ, and a water system that removes all impurities from water while keeping Gd in solution. In this paper we discuss the milestones towards demonstrating the feasibility of this novel technique, and the features of EGADS in detail.},
	language = {en},
	urldate = {2022-01-16},
	journal = {Nuclear Instruments and Methods in Physics Research Section A: Accelerators, Spectrometers, Detectors and Associated Equipment},
	author = {Marti, Ll. and Ikeda, M. and Kato, Y. and Kishimoto, Y. and Nakahata, M. and Nakajima, Y. and Nakano, Y. and Nakayama, S. and Okajima, Y. and Orii, A. and Pronost, G. and Sekiya, H. and Shiozawa, M. and Tanaka, H. and Ueno, K. and Yamada, S. and Yano, T. and Yokozawa, T. and Murdoch, M. and Schuemann, J. and Vagins, M.R. and Bays, K. and Carminati, G. and Griskevich, N.J. and Kropp, W.R. and Locke, S. and Renshaw, A. and Smy, M.B. and Weatherly, P. and Ito, S. and Ishino, H. and Kibayashi, A. and Koshio, Y. and Mori, T. and Sakuda, M. and Yamaguchi, R. and Fernandez, P. and Labarga, L. and Bandac, I. and Perez, J. and Amey, J. and Litchfield, R.P. and Sztuc, A. and Uchida, Y. and Ma, W.Y. and Goldsack, A. and Simpson, C. and Wark, D. and Anthony, L.H.V. and McCauley, N. and Pritchard, A. and Di Lodovico, F. and Richards, B. and Cole, A. and Thiesse, M. and Thompson, L. and Imber, J. and Cao, S.V. and Ito, K. and Takeuchi, Y. and Akutsu, R. and Nishimura, Y. and Okumura, K. and Hirota, S. and Muto, F. and Yokoyama, M. and Suda, Y. and Zhang, H.},
	month = apr,
	year = {2020},
	pages = {163549},
	file = {Marti et al. - 2020 - Evaluation of gadolinium’s action on water Cherenk.pdf:C\:\\Users\\p_h_m\\Zotero\\storage\\35AZ7KQD\\Marti et al. - 2020 - Evaluation of gadolinium’s action on water Cherenk.pdf:application/pdf},
}

@article{meo_measurement_nodate,
	title = {Measurement of the neutron capture cross section for {155Gd} and {157Gd} for {Nuclear} {Technology}},
	abstract = {We propose to measure the neutron capture cross-section of 155Gd and 157Gd from thermal to 1 MeV neutron energy. The main motivation is related to the need of accurate data for applications to nuclear reactors, but new data could also be useful for recent developments in Neutron Capture Therapy, and for new detector concepts in neutrino research. The measurement should be performed in EAR-1 with cutting edge C6D6 detectors speciﬁcally designed for n\_TOF. Since the cross section of these two isotopes changes by orders of magnitude as a function of neutron energy, two highlyenriched samples for each isotope will be measured: a very thin one for neutron energies up to 100 meV, and a thicker one for neutron energies above 100 meV.},
	language = {en},
	author = {Meo, S Lo and Massimi, C and Rocchi, F and Colonna, N and Barbagallo, M and Berthoumieux, E and Castelluccio, D M and Cosentino, L and Diakaki, M and Dressler, R and Dupont, E and Finocchiaro, P and Guglielmelli, A and Gunsing, F and Kivel, N and Mastinu, P F and Mastromarco, M and Milazzo, P M and Mingrone, F and Musumarra, A and Schumann, D and Tagliente, G and Vannini, G and Variale, V},
	pages = {8},
	file = {Meo et al. - Measurement of the neutron capture cross section f.pdf:C\:\\Users\\p_h_m\\Zotero\\storage\\4HLFEWEW\\Meo et al. - Measurement of the neutron capture cross section f.pdf:application/pdf},
}

@article{ueno_analysis_nodate,
	title = {Analysis of nuclear de-excitation gamma-rays induced by neutrino-nucleon neutral-current interactions at {SK} using the {T2K} {RUN}-{I}/{II} data},
	abstract = {The T2K beam energy is typical of atmospheric neutrinos which induce nuclear excitation via neutrino-nucleon neutral-current (NC) interactions. The comparison of the T2K data and MC enables us to accurately estimate the amount of NC background relevant for low energy (∼20 MeV) analyses at SK. Also, the measurement of NC events at the far detector makes it possible to constrain the neutrino oscillations between active ﬂavor and sterile neutrinos, which appear in the depletion of the total neutrino ﬂux.},
	language = {en},
	author = {Ueno, K},
	pages = {87},
	file = {Ueno - Analysis of nuclear de-excitation gamma-rays induc.pdf:C\:\\Users\\p_h_m\\Zotero\\storage\\T4EDVK4C\\Ueno - Analysis of nuclear de-excitation gamma-rays induc.pdf:application/pdf},
}

@article{nishino_high-speed_2009,
	title = {High-speed charge-to-time converter {ASIC} for the {Super}-{Kamiokande} detector},
	volume = {610},
	issn = {01689002},
	url = {http://arxiv.org/abs/0911.0986},
	doi = {10.1016/j.nima.2009.09.026},
	abstract = {A new application-specific integrated circuit (ASIC), the high-speed charge-to-time converter (QTC) IWATSU CLC101, provides three channels, each consisting of preamplifier, discriminator, low-pass filter, and charge integration circuitry, optimized for the waveform of a photomultiplier tube (PMT). This ASIC detects PMT signals using individual built-in discriminators and drives output timing signals whose width represents the integrated charge of the PMT signal. Combined with external input circuits composed of passive elements, the QTC provides full analog signal processing for the detector's PMTs, ready for further processing by time-to-digital converters (TDCs). High-rate ({\textgreater}1MHz) signal processing is achieved by short-charge-conversion-time and baseline-restoration circuits. Wide-range charge measurements are enabled by offering three gain ranges while maintaining a short cycle time. QTC chip test results show good analog performance, with efficient detection for a single photoelectron signal, four orders of magnitude dynamic range (0:3mV {\textasciitilde} 3V; 0:2 {\textasciitilde} 2500 pC), 1\% charge linearity, 0.2 pC charge resolution, and 0.1 ns timing resolution. Test results on ambient temperature dependence, channel isolation, and rate dependence also meet specifications.},
	number = {3},
	urldate = {2022-04-14},
	journal = {Nuclear Instruments and Methods in Physics Research Section A: Accelerators, Spectrometers, Detectors and Associated Equipment},
	author = {Nishino, H. and Awai, K. and Hayato, Y. and Nakayama, S. and Okumura, K. and Shiozawa, M. and Takeda, A. and Ishikawa, K. and Minegishi, A. and Arai, Y.},
	month = nov,
	year = {2009},
	note = {arXiv: 0911.0986},
	keywords = {Physics - Instrumentation and Detectors},
	pages = {710--717},
	annote = {Comment: 24 pages, 19 figures},
	file = {arXiv Fulltext PDF:C\:\\Users\\p_h_m\\Zotero\\storage\\9NUC2DSJ\\Nishino et al. - 2009 - High-speed charge-to-time converter ASIC for the S.pdf:application/pdf;arXiv.org Snapshot:C\:\\Users\\p_h_m\\Zotero\\storage\\KTMWYQ3Z\\0911.html:text/html},
}

@article{fernandez_status_2016,
	title = {Status of {GADZOOKS}!: {Neutron} {Tagging} in {Super}-{Kamiokande}},
	volume = {273-275},
	issn = {24056014},
	shorttitle = {Status of {GADZOOKS}!},
	url = {https://linkinghub.elsevier.com/retrieve/pii/S2405601415005398},
	doi = {10.1016/j.nuclphysbps.2015.09.050},
	abstract = {The GADZOOKS! project pursues the upgrade of the Super-Kamiokande detector as a way to eﬃciently detect thermal neutrons. Inverse beta decay reactions, as well as charged current quasi-elastic (CCQE) scattering of low energy anti-neutrinos (up to a few hundreds of MeV) in SK, produce one positron and one neutron in the ﬁnal state. Being able to observe the ﬁnal state neutron in coincidence with the prompt positron would mean that SK could identify these reactions as genuine with very high conﬁdence.},
	language = {en},
	urldate = {2022-01-17},
	journal = {Nuclear and Particle Physics Proceedings},
	author = {Fernández, P.},
	month = apr,
	year = {2016},
	pages = {353--360},
	file = {Fernández - 2016 - Status of GADZOOKS! Neutron Tagging in Super-Kami.pdf:C\:\\Users\\p_h_m\\Zotero\\storage\\SXTU5JVJ\\Fernández - 2016 - Status of GADZOOKS! Neutron Tagging in Super-Kami.pdf:application/pdf},
}

@article{fukuda_super-kamiokande_2003,
	title = {The {Super}-{Kamiokande} detector},
	volume = {501},
	issn = {01689002},
	url = {https://linkinghub.elsevier.com/retrieve/pii/S016890020300425X},
	doi = {10.1016/S0168-9002(03)00425-X},
	language = {en},
	number = {2-3},
	urldate = {2019-07-28},
	journal = {Nuclear Instruments and Methods in Physics Research Section A: Accelerators, Spectrometers, Detectors and Associated Equipment},
	author = {Fukuda, S. and Fukuda, Y. and Hayakawa, T. and Ichihara, E. and Ishitsuka, M. and Itow, Y. and Kajita, T. and Kameda, J. and Kaneyuki, K. and Kasuga, S. and Kobayashi, K. and Kobayashi, Y. and Koshio, Y. and Miura, M. and Moriyama, S. and Nakahata, M. and Nakayama, S. and Namba, T. and Obayashi, Y. and Okada, A. and Oketa, M. and Okumura, K. and Oyabu, T. and Sakurai, N. and Shiozawa, M. and Suzuki, Y. and Takeuchi, Y. and Toshito, T. and Totsuka, Y. and Yamada, S. and Desai, S. and Earl, M. and Hong, J.T. and Kearns, E. and Masuzawa, M. and Messier, M.D. and Stone, J.L. and Sulak, L.R. and Walter, C.W. and Wang, W. and Scholberg, K. and Barszczak, T. and Casper, D. and Liu, D.W. and Gajewski, W. and Halverson, P.G. and Hsu, J. and Kropp, W.R. and Mine, S. and Price, L.R. and Reines, F. and Smy, M. and Sobel, H.W. and Vagins, M.R. and Ganezer, K.S. and Keig, W.E. and Ellsworth, R.W. and Tasaka, S. and Flanagan, J.W. and Kibayashi, A. and Learned, J.G. and Matsuno, S. and Stenger, V.J. and Hayato, Y. and Ishii, T. and Ichikawa, A. and Kanzaki, J. and Kobayashi, T. and Maruyama, T. and Nakamura, K. and Oyama, Y. and Sakai, A. and Sakuda, M. and Sasaki, O. and Echigo, S. and Iwashita, T. and Kohama, M. and Suzuki, A.T. and Hasegawa, M. and Inagaki, T. and Kato, I. and Maesaka, H. and Nakaya, T. and Nishikawa, K. and Yamamoto, S. and Haines, T.J. and Kim, B.K. and Sanford, R. and Svoboda, R. and Blaufuss, E. and Chen, M.L. and Conner, Z. and Goodman, J.A. and Guillian, E. and Sullivan, G.W. and Turcan, D. and Habig, A. and Ackerman, M. and Goebel, F. and Hill, J. and Jung, C.K. and Kato, T. and Kerr, D. and Malek, M. and Martens, K. and Mauger, C. and McGrew, C. and Sharkey, E. and Viren, B. and Yanagisawa, C. and Doki, W. and Inaba, S. and Ito, K. and Kirisawa, M. and Kitaguchi, M. and Mitsuda, C. and Miyano, K. and Saji, C. and Takahata, M. and Takahashi, M. and Higuchi, K. and Kajiyama, Y. and Kusano, A. and Nagashima, Y. and Nitta, K. and Takita, M. and Yamaguchi, T. and Yoshida, M. and Kim, H.I. and Kim, S.B. and Yoo, J. and Okazawa, H. and Etoh, M. and Fujita, K. and Gando, Y. and Hasegawa, A. and Hasegawa, T. and Hatakeyama, S. and Inoue, K. and Ishihara, K. and Iwamoto, T. and Koga, M. and Nishiyama, I. and Ogawa, H. and Shirai, J. and Suzuki, A. and Takayama, T. and Tsushima, F. and Koshiba, M. and Ichikawa, Y. and Hashimoto, T. and Hatakeyama, Y. and Koike, M. and Horiuchi, T. and Nemoto, M. and Nishijima, K. and Takeda, H. and Fujiyasu, H. and Futagami, T. and Ishino, H. and Kanaya, Y. and Morii, M. and Nishihama, H. and Nishimura, H. and Suzuki, T. and Watanabe, Y. and Kielczewska, D. and Golebiewska, U. and Berns, H.G. and Boyd, S.B. and Doyle, R.A. and George, J.S. and Stachyra, A.L. and Wai, L.L. and Wilkes, R.J. and Young, K.K. and Kobayashi, H.},
	month = apr,
	year = {2003},
	pages = {418--462},
	file = {Fukuda et al. - 2003 - The Super-Kamiokande detector.pdf:C\:\\Users\\p_h_m\\Zotero\\storage\\V29Z463J\\Fukuda et al. - 2003 - The Super-Kamiokande detector.pdf:application/pdf},
}

@article{suzuki_super-kamiokande_2019,
	title = {The {Super}-{Kamiokande} experiment},
	volume = {79},
	issn = {1434-6044, 1434-6052},
	url = {http://link.springer.com/10.1140/epjc/s10052-019-6796-2},
	doi = {10.1140/epjc/s10052-019-6796-2},
	abstract = {Super-Kamiokande is a gigantic and versatile detector able to detect neutrinos with energies between a few MeV and a few hundred GeV. Super-K started data taking on 1st of April in 1996 after 5 years construction period and obtained compelling evidence of atmospheric neutrino oscillations in 1998, shortly after the beginning of the experiment. In 2001 SNO in Canada together with the Super-K data established that solar neutrinos are also oscillating. Following those historical discoveries, numerous intriguing results have been obtained by Super-K, like the discovery of oscillatory behavior, tau appearance in the atmospheric neutrinos, the matter effect of the solar neutrinos through the earth. The Super-K detector has also been used as a far detector of the long baseline neutrino oscillation experiments, K2K and T2K. In this article, we report mostly on the studies of the neutrino oscillations by Super-K in a historical context. The prospects for the future of Super-K are also described.},
	language = {en},
	number = {4},
	urldate = {2022-01-15},
	journal = {The European Physical Journal C},
	author = {Suzuki, Yoichiro},
	month = apr,
	year = {2019},
	pages = {298},
	file = {Suzuki - 2019 - The Super-Kamiokande experiment.pdf:C\:\\Users\\p_h_m\\Zotero\\storage\\UTTDURHR\\Suzuki - 2019 - The Super-Kamiokande experiment.pdf:application/pdf},
}

@article{abe_calibration_2014,
	title = {Calibration of the {Super}-{Kamiokande} {Detector}},
	volume = {737},
	issn = {01689002},
	url = {http://arxiv.org/abs/1307.0162},
	doi = {10.1016/j.nima.2013.11.081},
	abstract = {Procedures and results on hardware-level detector calibration in Super-Kamiokande (SK) are presented in this paper. In particular, we report improvements made in our calibration methods for the experimental phase IV in which new readout electronics have been operating since 2008.},
	language = {en},
	urldate = {2019-07-28},
	journal = {Nuclear Instruments and Methods in Physics Research Section A: Accelerators, Spectrometers, Detectors and Associated Equipment},
	author = {Abe, K. and Hayato, Y. and Iida, T. and Iyogi, K. and Kameda, J. and Kishimoto, Y. and Koshio, Y. and Marti, Ll and Miura, M. and Moriyama, S. and Nakahata, M. and Nakano, Y. and Nakayama, S. and Obayashi, Y. and Sekiya, H. and Shiozawa, M. and Suzuki, Y. and Takeda, A. and Takenaga, Y. and Tanaka, H. and Tomura, T. and Ueno, K. and Wendell, R. A. and Yokozawa, T. and Irvine, T. J. and Kaji, H. and Kajita, T. and Kaneyuki, K. and Lee, K. P. and Nishimura, Y. and Okumura, K. and McLachlan, T. and Labarga, L. and Kearns, E. and Raaf, J. L. and Stone, J. L. and Sulak, L. R. and Berkman, S. and Tanaka, H. A. and Tobayama, S. and Goldhaber, M. and Bays, K. and Carminati, G. and Kropp, W. R. and Mine, S. and Renshaw, A. and Smy, M. B. and Sobel, H. W. and Ganezer, K. S. and Hill, J. and Keig, W. E. and Jang, J. S. and Kim, J. Y. and Lim, I. T. and Hong, N. and Akiri, T. and Albert, J. B. and Himmel, A. and Scholberg, K. and Walter, C. W. and Wongjirad, T. and Ishizuka, T. and Tasaka, S. and Learned, J. G. and Matsuno, S. and Smith, S. N. and Hasegawa, T. and Ishida, T. and Ishii, T. and Kobayashi, T. and Nakadaira, T. and Nakamura, K. and Nishikawa, K. and Oyama, Y. and Sakashita, K. and Sekiguchi, T. and Tsukamoto, T. and Suzuki, A. T. and Takeuchi, Y. and Huang, K. and Ieki, K. and Ikeda, M. and Kikawa, T. and Kubo, H. and Minamino, A. and Murakami, A. and Nakaya, T. and Otani, M. and Suzuki, K. and Takahashi, S. and Fukuda, Y. and Choi, K. and Itow, Y. and Mitsuka, G. and Miyake, M. and Mijakowski, P. and Tacik, R. and Hignight, J. and Imber, J. and Jung, C. K. and Taylor, I. and Yanagisawa, C. and Idehara, Y. and Ishino, H. and Kibayashi, A. and Mori, T. and Sakuda, M. and Yamaguchi, R. and Yano, T. and Kuno, Y. and Kim, S. B. and Yang, B. S. and Okazawa, H. and Choi, Y. and Nishijima, K. and Koshiba, M. and Totsuka, Y. and Yokoyama, M. and Martens, K. and Vagins, M. R. and Martin, J. F. and de Perio, P. and Konaka, A. and Wilking, M. J. and Chen, S. and Heng, Y. and Sui, H. and Yang, Z. and Zhang, H. and Zhenwei, Y. and Connolly, K. and Dziomba, M. and Wilkes, R. J.},
	month = feb,
	year = {2014},
	note = {arXiv: 1307.0162},
	keywords = {High Energy Physics - Experiment, Physics - Instrumentation and Detectors, Astrophysics - Instrumentation and Methods for Astrophysics},
	pages = {253--272},
	annote = {Comment: 75 pages, 35 figures},
	file = {Abe et al. - 2014 - Calibration of the Super-Kamiokande Detector.pdf:C\:\\Users\\p_h_m\\Zotero\\storage\\7UT2HTEZ\\Abe et al. - 2014 - Calibration of the Super-Kamiokande Detector.pdf:application/pdf},
}

@article{t2k_collaboration_t2k_2013,
	title = {The {T2K} {Neutrino} {Flux} {Prediction}},
	volume = {87},
	issn = {1550-7998, 1550-2368},
	url = {http://arxiv.org/abs/1211.0469},
	doi = {10.1103/PhysRevD.87.012001},
	abstract = {The Tokai-to-Kamioka (T2K) experiment studies neutrino oscillations using an off-axis muon neutrino beam with a peak energy of about 0.6 GeV that originates at the J-PARC accelerator facility. Interactions of the neutrinos are observed at near detectors placed at 280 m from the production target and at the far detector -- Super-Kamiokande (SK) -- located 295 km away. The flux prediction is an essential part of the successful prediction of neutrino interaction rates at the T2K detectors and is an important input to T2K neutrino oscillation and cross section measurements. A FLUKA and GEANT3 based simulation models the physical processes involved in the neutrino production, from the interaction of primary beam protons in the T2K target, to the decay of hadrons and muons that produce neutrinos. The simulation uses proton beam monitor measurements as inputs. The modeling of hadronic interactions is re-weighted using thin target hadron production data, including recent charged pion and kaon measurements from the NA61/SHINE experiment. For the first T2K analyses the uncertainties on the flux prediction are evaluated to be below 15\% near the flux peak. The uncertainty on the ratio of the flux predictions at the far and near detectors is less than 2\% near the flux peak.},
	number = {1},
	urldate = {2022-02-05},
	journal = {Physical Review D},
	author = {T2K Collaboration and Abe, K. and Abgrall, N. and Aihara, H. and Akiri, T. and Albert, J. B. and Andreopoulos, C. and Aoki, S. and Ariga, A. and Ariga, T. and Assylbekov, S. and Autiero, D. and Barbi, M. and Barker, G. J. and Barr, G. and Bass, M. and Batkiewicz, M. and Bay, F. and Bentham, S. W. and Berardi, V. and Berger, B. E. and Berkman, S. and Bertram, I. and Beznosko, D. and Bhadra, S. and Blaszczyk, F. d M. and Blondel, A. and Bojechko, C. and Boyd, S. and Bravar, A. and Bronner, C. and Brook-Roberge, D. G. and Buchanan, N. and Calland, R. G. and Rodriguez, J. Caravaca and Cartwright, S. L. and Castillo, R. and Catanesi, M. G. and Cervera, A. and Cherdack, D. and Christodoulou, G. and Clifton, A. and Coleman, J. and Coleman, S. J. and Collazuol, G. and Connolly, K. and Curioni, A. and Dabrowska, A. and Danko, I. and Das, R. and Davis, S. and Day, M. and de Andre, J. P. A. M. and de Perio, P. and De Rosa, G. and Dealtry, T. and Densham, C. and Di Lodovico, F. and Di Luise, S. and Dobson, J. and Duboyski, T. and Dufour, F. and Dumarchez, J. and Dytman, S. and Dziewiecki, M. and Dziomba, M. and Emery, S. and Ereditato, A. and Escudero, L. and Esposito, L. S. and Finch, A. J. and Frank, E. and Friend, M. and Fujii, Y. and Fukuda, Y. and Galymov, V. and Gaudin, A. and Giffin, S. and Giganti, C. and Gilje, K. and Golan, T. and Gomez-Cadenas, J. J. and Gonin, M. and Grant, N. and Gudin, D. and Guzowski, P. and Hadley, D. R. and Haesler, A. and Haigh, M. D. and Hansen, D. and Hara, T. and Hartz, M. and Hasegawa, T. and Hastings, N. C. and Hayato, Y. and Hearty, C. and Helmer, R. L. and Hignight, J. and Hillairet, A. and Himmel, A. and Hiraki, T. and Holeczek, J. and Horikawa, S. and Huang, K. and Hyndman, A. and Ichikawa, A. K. and Ieki, K. and Ieva, M. and Ikeda, M. and Imber, J. and Insler, J. and Ishida, T. and Ishii, T. and Ives, S. J. and Iyogi, K. and Izmaylov, A. and Jamieson, B. and Johnson, R. A. and Jo, J. H. and Jonsson, P. and Joo, K. K. and Jover-Manas, G. V. and Jung, C. K. and Kaji, H. and Kajita, T. and Kakuno, H. and Kameda, J. and Kanazawa, Y. and Karlen, D. and Karpikov, I. and Kearns, E. and Khabibullin, M. and Khanam, F. and Khotjantsev, A. and Kielczewska, D. and Kikawa, T. and Kilinski, A. and Kim, J. Y. and Kim, J. and Kim, S. B. and Kirby, B. and Kisiel, J. and Kitching, P. and Kobayashi, T. and Kogan, G. and Konaka, A. and Kormos, L. L. and Korzenev, A. and Koseki, K. and Koshio, Y. and Kowalik, K. and Kreslo, I. and Kropp, W. and Kubo, H. and Kudenko, Y. and Kumaratunga, S. and Kurjata, R. and Kutter, T. and Lagoda, J. and Laihem, K. and Laing, A. and Laveder, M. and Lawe, M. and Lee, K. P. and Licciardi, C. and Lim, I. T. and Lindner, T. and Lister, C. and Litchfield, R. P. and Longhin, A. and Lopez, G. D. and Ludovici, L. and Macaire, M. and Magaletti, L. and Mahn, K. and Malek, M. and Manly, S. and Marchionni, A. and Marino, A. D. and Marteau, J. and Martin, J. F. and Maruyama, T. and Marzec, J. and Masliah, P. and Mathie, E. L. and Matsumura, C. and Matsuoka, K. and Matveev, V. and Mavrokoridis, K. and Mazzucato, E. and McCauley, N. and McFarland, K. S. and McGrew, C. and McLachlan, T. and Messina, M. and Metelko, C. and Mezzetto, M. and Mijakowski, P. and Miller, C. A. and Minamino, A. and Mineev, O. and Mine, S. and Missert, A. and Miura, M. and Monfregola, L. and Moriyama, S. and Mueller, Th A. and Murakami, A. and Murdoch, M. and Murphy, S. and Myslik, J. and Nagasaki, T. and Nakadaira, T. and Nakahata, M. and Nakai, T. and Nakajima, K. and Nakamura, K. and Nakayama, S. and Nakaya, T. and Nakayoshi, K. and Naples, D. and Nicholls, T. C. and Nielsen, C. and Nishikawa, K. and Nishimura, Y. and O'Keeffe, H. M. and Obayashi, Y. and Ohta, R. and Okumura, K. and Oryszczak, W. and Oser, S. M. and Otani, M. and Owen, R. A. and Oyama, Y. and Pac, M. Y. and Palladino, V. and Paolone, V. and Payne, D. and Pearce, G. F. and Perevozchikov, O. and Perkin, J. D. and Guerra, E. S. Pinzon and Plonski, P. and Poplawska, E. and Popov, B. and Posiadala, M. and Poutissou, J.-M. and Poutissou, R. and Przewlocki, P. and Quilain, B. and Radicioni, E. and Rato, P. N. and Ravonel, M. and Rayner, M. A. and Reeves, M. and Reinherz-Aronis, E. and Retiere, F. and Rodrigues, P. A. and Rondio, E. and Rossi, B. and Roth, S. and Rubbia, A. and Ruterbories, D. and Sacco, R. and Sakashita, K. and Sanchez, F. and Scantamburlo, E. and Scholberg, K. and Schwehr, J. and Scott, M. and Scully, D. I. and Seiya, Y. and Sekiguchi, T. and Sekiya, H. and Shibata, M. and Shiozawa, M. and Short, S. and Shustrov, Y. and Sinclair, P. and Smith, B. and Smith, R. J. and Smy, M. and Sobczyk, J. T. and Sobel, H. and Sorel, M. and Southwell, L. and Stamoulis, P. and Steinmann, J. and Still, B. and Sulej, R. and Suzuki, A. and Suzuki, K. and Suzuki, S. Y. and Suzuki, Y. and Szeglowski, T. and Szeptycka, M. and Tacik, R. and Tada, M. and Takahashi, S. and Takeda, A. and Takeuchi, Y. and Tanaka, H. A. and Tanaka, M. and Tanaka, M. M. and Taylor, I. J. and Terhorst, D. and Terri, R. and Thompson, L. F. and Thorley, A. and Tobayama, S. and Toki, W. and Tomura, T. and Totsuka, Y. and Touramanis, C. and Tsukamoto, T. and Tzanov, M. and Uchida, Y. and Ueno, K. and Vacheret, A. and Vagins, M. and Vasseur, G. and Wachala, T. and Waldron, A. V. and Walter, C. W. and Wang, J. and Wark, D. and Wascko, M. O. and Weber, A. and Wendell, R. and Wikstrom, G. and Wilkes, R. J. and Wilking, M. J. and Wilkinson, C. and Williamson, Z. and Wilson, J. R. and Wilson, R. J. and Wongjirad, T. and Yamada, Y. and Yamamoto, K. and Yanagisawa, C. and Yano, T. and Yen, S. and Yershov, N. and Yokoyama, M. and Yuan, T. and Zalewska, A. and Zambelli, L. and Zaremba, K. and Ziembicki, M. and Zimmerman, E. D. and Zito, M. and Zmuda, J.},
	month = jan,
	year = {2013},
	note = {arXiv: 1211.0469},
	keywords = {High Energy Physics - Experiment},
	pages = {012001},
	annote = {Comment: 36 pages},
	file = {arXiv Fulltext PDF:C\:\\Users\\p_h_m\\Zotero\\storage\\6M8J2YIU\\T2K Collaboration et al. - 2013 - The T2K Neutrino Flux Prediction.pdf:application/pdf;arXiv.org Snapshot:C\:\\Users\\p_h_m\\Zotero\\storage\\NC9UUBYJ\\1211.html:text/html},
}

@article{t2k_collaboration_t2k_2011,
	title = {The {T2K} {Experiment}},
	volume = {659},
	issn = {01689002},
	url = {http://arxiv.org/abs/1106.1238},
	doi = {10.1016/j.nima.2011.06.067},
	abstract = {The T2K experiment is a long-baseline neutrino oscillation experiment. Its main goal is to measure the last unknown lepton sector mixing angle \{{\textbackslash}theta\}\_\{13\} by observing \{{\textbackslash}nu\}\_e appearance in a \{{\textbackslash}nu\}\_\{{\textbackslash}mu\} beam. It also aims to make a precision measurement of the known oscillation parameters, \{{\textbackslash}Delta\}m{\textasciicircum}\{2\}\_\{23\} and sin{\textasciicircum}\{2\} 2\{{\textbackslash}theta\}\_\{23\}, via \{{\textbackslash}nu\}\_\{{\textbackslash}mu\} disappearance studies. Other goals of the experiment include various neutrino cross section measurements and sterile neutrino searches. The experiment uses an intense proton beam generated by the J-PARC accelerator in Tokai, Japan, and is composed of a neutrino beamline, a near detector complex (ND280), and a far detector (Super-Kamiokande) located 295 km away from J-PARC. This paper provides a comprehensive review of the instrumentation aspect of the T2K experiment and a summary of the vital information for each subsystem.},
	number = {1},
	urldate = {2022-02-05},
	journal = {Nuclear Instruments and Methods in Physics Research Section A: Accelerators, Spectrometers, Detectors and Associated Equipment},
	author = {T2K Collaboration and Abe, K. and Abgrall, N. and Aihara, H. and Ajima, Y. and Albert, J. B. and Allan, D. and Amaudruz, P.-A. and Andreopoulos, C. and Andrieu, B. and Anerella, M. D. and Angelsen, C. and Aoki, S. and Araoka, O. and Argyriades, J. and Ariga, A. and Ariga, T. and Assylbekov, S. and de André, J. P. A. M. and Autiero, D. and Badertscher, A. and Ballester, O. and Barbi, M. and Barker, G. J. and Baron, P. and Barr, G. and Bartoszek, L. and Batkiewicz, M. and Bay, F. and Bentham, S. and Berardi, V. and Berger, B. E. and Berns, H. and Bertram, I. and Besnier, M. and Beucher, J. and Beznosko, D. and Bhadra, S. and Birney, P. and Bishop, D. and Blackmore, E. and Blaszczyk, F. d M. and Blocki, J. and Blondel, A. and Bodek, A. and Bojechko, C. and Bouchez, J. and Boussuge, T. and Boyd, S. B. and Boyer, M. and Braam, N. and Bradford, R. and Bravar, A. and Briggs, K. and Brinson, J. D. and Bronner, C. and Brook-Roberge, D. G. and Bryant, M. and Buchanan, N. and Budd, H. and Cadabeschi, M. and Calland, R. G. and Calvet, D. and Rodríguez, J. Caravaca and Carroll, J. and Cartwright, S. L. and Carver, A. and Castillo, R. and Catanesi, M. G. and Cavata, C. and Cazes, A. and Cervera, A. and Charrier, J. P. and Chavez, C. and Choi, S. and Chollet, S. and Christodoulou, G. and Colas, P. and Coleman, J. and Coleman, W. and Collazuol, G. and Connolly, K. and Cooke, P. and Curioni, A. and Dabrowska, A. and Danko, I. and Das, R. and Davies, G. S. and Davis, S. and Day, M. and De La Broise, X. and de Perio, P. and De Rosa, G. and Dealtry, T. and Debraine, A. and Delagnes, E. and Delbart, A. and Densham, C. and Di Lodovico, F. and Di Luise, S. and Tran, P. Dinh and Dobson, J. and Doornbos, J. and Dore, U. and Drapier, O. and Druillole, F. and Dufour, F. and Dumarchez, J. and Durkin, T. and Dytman, S. and Dziewiecki, M. and Dziomba, M. and Ellison, B. and Emery, S. and Ereditato, A. and Escallier, J. E. and Escudero, L. and Esposito, L. S. and Faszer, W. and Fechner, M. and Ferrero, A. and Finch, A. and Fisher, C. and Fitton, M. and Flight, R. and Forbush, D. and Frank, E. and Fransham, K. and Fujii, Y. and Fukuda, Y. and Gallop, M. and Galymov, V. and Ganetis, G. L. and Gannaway, F. C. and Gaudin, A. and Gaweda, J. and Gendotti, A. and George, M. and Giffin, S. and Giganti, C. and Gilje, K. and Giomataris, I. and Giraud, J. and Ghosh, A. K. and Golan, T. and Goldhaber, M. and Gomez-Cadenas, J. J. and Gomi, S. and Gonin, M. and Goyette, M. and Grant, A. and Grant, N. and Grañena, F. and Greenwood, S. and Gumplinger, P. and Guzowski, P. and Haigh, M. D. and Hamano, K. and Hansen, C. and Hara, T. and Harrison, P. F. and Hartfiel, B. and Hartz, M. and Haruyama, T. and Hasanen, R. and Hasegawa, T. and Hastings, N. C. and Hastings, S. and Hatzikoutelis, A. and Hayashi, K. and Hayato, Y. and Haycock, T. D. J. and Hearty, C. and Helmer, R. L. and Henderson, R. and Herlant, S. and Higashi, N. and Hignight, J. and Hiraide, K. and Hirose, E. and Holeczek, J. and Honkanen, N. and Horikawa, S. and Hyndman, A. and Ichikawa, A. K. and Ieki, K. and Ieva, M. and Iida, M. and Ikeda, M. and Ilic, J. and Imber, J. and Ishida, T. and Ishihara, C. and Ishii, T. and Ives, S. J. and Iwasaki, M. and Iyogi, K. and Izmaylov, A. and Jamieson, B. and Johnson, R. A. and Joo, K. K. and Jover-Manas, G. and Jung, C. K. and Kaji, H. and Kajita, T. and Kakuno, H. and Kameda, J. and Kaneyuki, K. and Karlen, D. and Kasami, K. and Kasey, V. and Kato, I. and Kawamuko, H. and Kearns, E. and Kellet, L. and Khabibullin, M. and Khaleeq, M. and Khan, N. and Khotjantsev, A. and Kielczewska, D. and Kikawa, T. and Kim, J. Y. and Kim, S.-B. and Kimura, N. and Kirby, B. and Kisiel, J. and Kitching, P. and Kobayashi, T. and Kogan, G. and Koike, S. and Komorowski, T. and Konaka, A. and Kormos, L. L. and Korzenev, A. and Koseki, K. and Koshio, Y. and Kouzuma, Y. and Kowalik, K. and Kravtsov, V. and Kreslo, I. and Kropp, W. and Kubo, H. and Kubota, J. and Kudenko, Y. and Kulkarni, N. and Kurchaninov, L. and Kurimoto, Y. and Kurjata, R. and Kurosawa, Y. and Kutter, T. and Lagoda, J. and Laihem, K. and Langstaff, R. and Laveder, M. and Lawson, T. B. and Le, P. T. and Coguie, A. Le and Ross, M. Le and Lee, K. P. and Lenckowski, M. and Licciardi, C. and Lim, I. T. and Lindner, T. and Litchfield, R. P. and Longhin, A. and Lopez, G. D. and Lu, P. and Ludovici, L. and Lux, T. and Macaire, M. and Magaletti, L. and Mahn, K. and Makida, Y. and Malafis, C. J. and Malek, M. and Manly, S. and Marchionni, A. and Mark, C. and Marino, A. D. and Marone, A. J. and Marteau, J. and Martin, J. F. and Maruyama, T. and Maryon, T. and Marzec, J. and Masliah, P. and Mathie, E. L. and Matsumura, C. and Matsuoka, K. and Matveev, V. and Mavrokoridis, K. and Mazzucato, E. and McCauley, N. and McFarland, K. S. and McGrew, C. and McLachlan, T. and Mercer, I. and Messina, M. and Metcalf, W. and Metelko, C. and Mezzetto, M. and Mijakowski, P. and Miller, C. A. and Minamino, A. and Mineev, O. and Mine, S. and Minvielle, R. E. and Mituka, G. and Miura, M. and Mizouchi, K. and Mols, J.-P. and Monfregola, L. and Monmarthe, E. and Moreau, F. and Morgan, B. and Moriyama, S. and Morris, D. and Muir, A. and Murakami, A. and Muratore, J. F. and Murdoch, M. and Murphy, S. and Myslik, J. and Nagashima, G. and Nakadaira, T. and Nakahata, M. and Nakamoto, T. and Nakamura, K. and Nakayama, S. and Nakaya, T. and Naples, D. and Nelson, B. and Nicholls, T. C. and Nishikawa, K. and Nishino, H. and Nitta, K. and Nizery, F. and Nowak, J. A. and Noy, M. and Obayashi, Y. and Ogitsu, T. and Ohhata, H. and Okamura, T. and Okumura, K. and Okusawa, T. and Ohlmann, C. and Olchanski, K. and Openshaw, R. and Oser, S. M. and Otani, M. and Owen, R. A. and Oyama, Y. and Ozaki, T. and Pac, M. Y. and Palladino, V. and Paolone, V. and Paul, P. and Payne, D. and Pearce, G. F. and Pearson, C. and Perkin, J. D. and Pfleger, M. and Pierre, F. and Pierrepont, D. and Plonski, P. and Poffenberger, P. and Poplawska, E. and Popov, B. and Posiadala, M. and Poutissou, J.-M. and Poutissou, R. and Preece, R. and Przewlocki, P. and Qian, W. and Raaf, J. L. and Radicioni, E. and Ramos, K. and Ratoff, P. and Raufer, T. M. and Ravonel, M. and Raymond, M. and Retiere, F. and Richards, D. and Ritou, J.-L. and Robert, A. and Rodrigues, P. A. and Rondio, E. and Roney, M. and Rooney, M. and Ross, D. and Rossi, B. and Roth, S. and Rubbia, A. and Ruterbories, D. and Sacco, R. and Sadler, S. and Sakashita, K. and Sanchez, F. and Sarrat, A. and Sasaki, K. and Schaack, P. and Schmidt, J. and Scholberg, K. and Schwehr, J. and Scott, M. and Scully, D. I. and Seiya, Y. and Sekiguchi, T. and Sekiya, H. and Sheffer, G. and Shibata, M. and Shimizu, Y. and Shiozawa, M. and Short, S. and Siyad, M. and Smith, D. and Smith, R. J. and Smy, M. and Sobczyk, J. and Sobel, H. and Sooriyakumaran, S. and Sorel, M. and Spitz, J. and Stahl, A. and Stamoulis, P. and Star, O. and Statter, J. and Stawnyczy, L. and Steinmann, J. and Steffens, J. and Still, B. and Stodulski, M. and Stone, J. and Strabel, C. and Strauss, T. and Sulej, R. and Sutcliffe, P. and Suzuki, A. and Suzuki, K. and Suzuki, S. and Suzuki, S. Y. and Suzuki, Y. and Suzuki, Y. and Swierblewski, J. and Szeglowski, T. and Szeptycka, M. and Tacik, R. and Tada, M. and Tadepalli, A. S. and Taguchi, M. and Takahashi, S. and Takeda, A. and Takenaga, Y. and Takeuchi, Y. and Tanaka, H. A. and Tanaka, K. and Tanaka, M. and Tanaka, M. M. and Tanimoto, N. and Tashiro, K. and Taylor, I. J. and Terashima, A. and Terhorst, D. and Terri, R. and Thompson, L. F. and Thorley, A. and Thorpe, M. and Toki, W. and Tomaru, T. and Totsuka, Y. and Touramanis, C. and Tsukamoto, T. and Tvaskis, V. and Tzanov, M. and Uchida, Y. and Ueno, K. and Usseglio, M. and Vacheret, A. and Vagins, M. and Van Schalkwyk, J. F. and Vanel, J.-C. and Vasseur, G. and Veledar, O. and Vincent, P. and Wachala, T. and Waldron, A. V. and Walter, C. W. and Wanderer, P. J. and Ward, M. A. and Ward, G. P. and Wark, D. and Warner, D. and Wascko, M. O. and Weber, A. and Wendell, R. and Wendland, J. and West, N. and Whitehead, L. H. and Wikström, G. and Wilkes, R. J. and Wilking, M. J. and Williamson, Z. and Wilson, J. R. and Wilson, R. J. and Wong, K. and Wongjirad, T. and Yamada, S. and Yamada, Y. and Yamamoto, A. and Yamamoto, K. and Yamanoi, Y. and Yamaoka, H. and Yanagisawa, C. and Yano, T. and Yen, S. and Yershov, N. and Yokoyama, M. and Zalewska, A. and Zalipska, J. and Zaremba, K. and Ziembicki, M. and Zimmerman, E. D. and Zito, M. and Zmuda, J.},
	month = dec,
	year = {2011},
	note = {arXiv: 1106.1238},
	keywords = {High Energy Physics - Experiment, Physics - Instrumentation and Detectors},
	pages = {106--135},
	annote = {Comment: 33 pages, 32 figures, Submitted and accepted by NIM A. Editor: Prof. Chang Kee Jung, Department of Physics and Astronomy, SUNY Stony Brook, chang.jung@sunysb.edu, 631-632-8108 Submit Edited to remove line numbers},
	file = {arXiv Fulltext PDF:C\:\\Users\\p_h_m\\Zotero\\storage\\AMH5ZEBB\\T2K Collaboration et al. - 2011 - The T2K Experiment.pdf:application/pdf;arXiv.org Snapshot:C\:\\Users\\p_h_m\\Zotero\\storage\\6GLIWTKQ\\1106.html:text/html},
}

@article{ando_relic_2004,
	title = {Relic neutrino background from cosmological supernovae},
	volume = {6},
	issn = {1367-2630},
	url = {http://arxiv.org/abs/astro-ph/0410061},
	doi = {10.1088/1367-2630/6/1/170},
	abstract = {Present and future observations of supernova relic neutrinos (SRNs), i.e., a cosmological neutrino background from past core-collapse supernova explosions, potentially give us useful information concerning various fields of astrophysics, cosmology and particle physics. We review recent progress of theoretical and observational studies of SRNs, particularly focusing on the detectability and also on implications for cosmic star formation history and neutrino physics.},
	urldate = {2022-04-14},
	journal = {New Journal of Physics},
	author = {Ando, Shin'ichiro and Sato, Katsuhiko},
	month = nov,
	year = {2004},
	note = {arXiv: astro-ph/0410061},
	keywords = {High Energy Physics - Phenomenology, Astrophysics},
	pages = {170--170},
	annote = {Comment: 29 pages, 8 figures, minor revision; review article accepted by New Journal of Physics, focus issue on neutrino physics},
	file = {arXiv Fulltext PDF:C\:\\Users\\p_h_m\\Zotero\\storage\\XHXFKD8X\\Ando and Sato - 2004 - Relic neutrino background from cosmological supern.pdf:application/pdf;arXiv.org Snapshot:C\:\\Users\\p_h_m\\Zotero\\storage\\EUBNYSFA\\0410061.html:text/html},
}

@article{hirata_observation_1987,
	title = {Observation of a neutrino burst from the supernova {SN1987A}},
	volume = {58},
	issn = {0031-9007},
	url = {https://link.aps.org/doi/10.1103/PhysRevLett.58.1490},
	doi = {10.1103/PhysRevLett.58.1490},
	language = {en},
	number = {14},
	urldate = {2022-04-14},
	journal = {Physical Review Letters},
	author = {Hirata, K. and Kajita, T. and Koshiba, M. and Nakahata, M. and Oyama, Y. and Sato, N. and Suzuki, A. and Takita, M. and Totsuka, Y. and Kifune, T. and Suda, T. and Takahashi, K. and Tanimori, T. and Miyano, K. and Yamada, M. and Beier, E. W. and Feldscher, L. R. and Kim, S. B. and Mann, A. K. and Newcomer, F. M. and Van, R. and Zhang, W. and Cortez, B. G.},
	month = apr,
	year = {1987},
	pages = {1490--1493},
	file = {Hirata et al. - 1987 - Observation of a neutrino burst from the supernova.pdf:C\:\\Users\\p_h_m\\Zotero\\storage\\WM9LTDNR\\Hirata et al. - 1987 - Observation of a neutrino burst from the supernova.pdf:application/pdf},
}

@article{chakraborty_observing_2014,
	title = {Observing supernova neutrino light curve in future dark matter detectors},
	volume = {89},
	issn = {1550-7998, 1550-2368},
	url = {https://link.aps.org/doi/10.1103/PhysRevD.89.013011},
	doi = {10.1103/PhysRevD.89.013011},
	language = {en},
	number = {1},
	urldate = {2022-04-12},
	journal = {Physical Review D},
	author = {Chakraborty, Sovan and Bhattacharjee, Pijushpani and Kar, Kamales},
	month = jan,
	year = {2014},
	pages = {013011},
	file = {Chakraborty et al. - 2014 - Observing supernova neutrino light curve in future.pdf:C\:\\Users\\p_h_m\\Zotero\\storage\\W94PDJWZ\\Chakraborty et al. - 2014 - Observing supernova neutrino light curve in future.pdf:application/pdf},
}

@article{nagakura_non-thermal_2021,
	title = {Non-thermal neutrinos created by shock acceleration in successful and failed core-collapse supernova},
	volume = {502},
	issn = {0035-8711, 1365-2966},
	url = {http://arxiv.org/abs/2010.15136},
	doi = {10.1093/mnras/stab040},
	abstract = {We present a comprehensive study of neutrino shock acceleration in core-collapse supernova (CCSN). The leading players are heavy leptonic neutrinos, \${\textbackslash}nu\_\{{\textbackslash}mu\}\$ and \${\textbackslash}nu\_\{{\textbackslash}tau\}\$; the former and latter potentially gain the energy up to \${\textbackslash}sim 100\$ MeV and \${\textbackslash}sim 200\$ MeV, respectively, through the shock acceleration. Demonstrating the neutrino shock acceleration by Monte Carlo neutrino transport, we make a statement that it commonly occurs in the early post bounce phase (\${\textbackslash}lesssim 50\$ ms after bounce) for all massive stellar collapse experiencing nuclear bounce and would reoccur in the late phase (\${\textbackslash}gtrsim 100\$ ms) for failed CCSNe. This opens up a new possibility to detect high energy neutrinos by terrestrial detectors from Galactic CCSNe; hence, we estimate the event counts for Hyper(Super)-Kamiokande, DUNE, and JUNO. We find that the event count with the energy of \${\textbackslash}gtrsim 80\$ MeV is a few orders of magnitude higher than that of the thermal neutrinos regardless of the detectors, and muon production may also happen in these detectors by \${\textbackslash}nu\_\{{\textbackslash}mu\}\$ with the energy of \${\textbackslash}gtrsim 100\$ MeV. The neutrino signals provide a precious information on deciphering the inner dynamics of CCSN and placing a constraint on the physics of neutrino oscillation; indeed, the detection of the high energy neutrinos through charged current reaction channels will be a smoking gun evidence of neutrino flavor conversion.},
	number = {1},
	urldate = {2022-04-14},
	journal = {Monthly Notices of the Royal Astronomical Society},
	author = {Nagakura, Hiroki and Hotokezaka, Kenta},
	month = jan,
	year = {2021},
	note = {arXiv: 2010.15136},
	keywords = {Astrophysics - High Energy Astrophysical Phenomena, High Energy Physics - Experiment, High Energy Physics - Phenomenology, Nuclear Experiment, Nuclear Theory},
	pages = {89--107},
	annote = {Comment: Accepted to MNRAS},
	file = {arXiv Fulltext PDF:C\:\\Users\\p_h_m\\Zotero\\storage\\AVIWS3R4\\Nagakura and Hotokezaka - 2021 - Non-thermal neutrinos created by shock acceleratio.pdf:application/pdf;arXiv.org Snapshot:C\:\\Users\\p_h_m\\Zotero\\storage\\TQNUV7C8\\2010.html:text/html},
}

@article{bethe_supernova_1990,
	title = {Supernova mechanisms},
	volume = {62},
	issn = {0034-6861, 1539-0756},
	url = {https://link.aps.org/doi/10.1103/RevModPhys.62.801},
	doi = {10.1103/RevModPhys.62.801},
	language = {en},
	number = {4},
	urldate = {2022-04-14},
	journal = {Reviews of Modern Physics},
	author = {Bethe, H. A.},
	month = oct,
	year = {1990},
	pages = {801--866},
	file = {Bethe - 1990 - Supernova mechanisms.pdf:C\:\\Users\\p_h_m\\Zotero\\storage\\GFUE5YDA\\Bethe - 1990 - Supernova mechanisms.pdf:application/pdf},
}

@article{brown_idea_1978,
	title = {The idea of the neutrino},
	volume = {31},
	issn = {0031-9228},
	url = {https://physicstoday.scitation.org/doi/10.1063/1.2995181},
	doi = {10.1063/1.2995181},
	number = {9},
	urldate = {2022-04-15},
	journal = {Physics Today},
	author = {Brown, Laurie M.},
	month = sep,
	year = {1978},
	note = {Publisher: American Institute of Physics},
	pages = {23--28},
}

@article{tanaka_gamma_2020,
	title = {Gamma {Ray} {Spectra} from {Thermal} {Neutron} {Capture} on {Gadolinium}-155 and {Natural} {Gadolinium}},
	url = {http://arxiv.org/abs/1907.00788},
	abstract = {Natural gadolinium is widely used for its excellent thermal neutron capture cross section, because of its two major isotopes: \${\textasciicircum}\{{\textbackslash}rm 155\}\$Gd and \${\textasciicircum}\{{\textbackslash}rm 157\}\$Gd. We measured the \${\textbackslash}gamma\$-ray spectra produced from the thermal neutron capture on targets comprising a natural gadolinium film and enriched \${\textasciicircum}\{{\textbackslash}rm 155\}\$Gd (in Gd\$\_\{2\}\$O\$\_\{3\}\$ powder) in the energy range from 0.11 MeV to 8.0 MeV, using the ANNRI germanium spectrometer at MLF, J-PARC. The freshly analysed data of the \${\textasciicircum}\{{\textbackslash}rm 155\}\$Gd(n, \${\textbackslash}gamma\$) reaction are used to improve our previously developed model (ANNRI-Gd model) for the \${\textasciicircum}\{{\textbackslash}rm 157\}\$Gd(n, \${\textbackslash}gamma\$) reaction, and its performance confirmed with the independent data from the \${\textasciicircum}\{{\textbackslash}rm nat\}\$Gd(n, \${\textbackslash}gamma\$) reaction. This article completes the development of an efficient Monte Carlo model required to simulate and analyse particle interactions involving the thermal neutron captures on gadolinium in any relevant future experiments.},
	urldate = {2022-05-05},
	journal = {arXiv:1907.00788 [hep-ex, physics:nucl-ex, physics:physics]},
	author = {Tanaka, Tomoyuki and Hagiwara, Kaito and Gazzola, Enrico and Sudo, Takashi and Reen, Mandeep Singh and Ali, Ajmi and Ou, Iwa and Dhir, Rohit and Das, Pretam Kumar and Koshio, Yusuke and Sakuda, Makoto and Kimura, Atsushi and Nakamura, Shoji and Iwamoto, Nobuyuki and Harada, Hideo and Collazuol, Gianmaria and Lorenz, Sebastian and Wurm, Michael and Focillon, William and Gonin, Michel and Yano, Takatomi},
	month = feb,
	year = {2020},
	note = {arXiv: 1907.00788},
	keywords = {High Energy Physics - Experiment, Nuclear Experiment, Physics - Instrumentation and Detectors},
	annote = {Comment: 14 pages. arXiv admin note: text overlap with arXiv:1809.02664},
	file = {arXiv Fulltext PDF:C\:\\Users\\p_h_m\\Zotero\\storage\\PKDZ7WYT\\Tanaka et al. - 2020 - Gamma Ray Spectra from Thermal Neutron Capture on .pdf:application/pdf;arXiv.org Snapshot:C\:\\Users\\p_h_m\\Zotero\\storage\\FBBI6S58\\1907.html:text/html},
}

@article{maksimovic_cnns_2021,
	title = {{CNNs} for enhanced background discrimination in {DSNB} searches in large-scale water-{Gd} detectors},
	volume = {2021},
	issn = {1475-7516},
	url = {http://arxiv.org/abs/2104.13426},
	doi = {10.1088/1475-7516/2021/11/051},
	abstract = {Gadolinium-loading of large water Cherenkov detectors is a prime method for the detection of the Diffuse Supernova Neutrino Background (DSNB). While the enhanced neutron tagging capability greatly reduces single-event backgrounds, correlated events mimicking the IBD coincidence signature remain a potentially harmful background. Neutral-Current (NC) interactions of atmospheric neutrinos potentially dominate the DSNB signal especially in the low-energy range of the observation window that reaches from about 12 to 30 MeV. The present paper investigates a novel method for the discrimination of this background. Convolutional Neural Networks (CNNs) offer the possibility for a direct analysis and classification of the PMT hit patterns of the prompt events. Based on the events generated in a simplified SuperKamiokande-like detector setup, we find that a trained CNN can maintain a signal efficiency of 96 \% while reducing the residual NC background to 2 \% of the original rate. Comparing to recent predictions of the DSNB signal and measurements of the NC background levels in Super-Kamiokande, the corresponding signal-to-background ratio is about 4:1, providing excellent conditions for a DSNB discovery.},
	number = {11},
	urldate = {2022-05-17},
	journal = {Journal of Cosmology and Astroparticle Physics},
	author = {Maksimović, David and Nieslony, Michael and Wurm, Michael},
	month = nov,
	year = {2021},
	note = {arXiv:2104.13426 [astro-ph, physics:hep-ex, physics:hep-ph, physics:physics]},
	keywords = {High Energy Physics - Experiment, High Energy Physics - Phenomenology, Physics - Instrumentation and Detectors, Astrophysics - Instrumentation and Methods for Astrophysics},
	pages = {051},
	annote = {Comment: 16 pages, 9 figures},
	file = {arXiv Fulltext PDF:C\:\\Users\\p_h_m\\Zotero\\storage\\NDC6IX6N\\Maksimović et al. - 2021 - CNNs for enhanced background discrimination in DSN.pdf:application/pdf;arXiv.org Snapshot:C\:\\Users\\p_h_m\\Zotero\\storage\\CG28VGRV\\2104.html:text/html},
}

@article{llewellyn_smith_neutrino_1972,
	title = {Neutrino reactions at accelerator energies},
	volume = {3},
	issn = {0370-1573},
	url = {https://www.sciencedirect.com/science/article/pii/0370157372900105},
	doi = {10.1016/0370-1573(72)90010-5},
	abstract = {We study the status of the reactor antineutrino anomaly in light of recent reactor flux models obtained with the conversion and summation methods. We present a new improved calculation of the IBD yields of the standard Huber-Mueller (HM) model and those of the new models. We show that the reactor rates and the fuel evolution data are consistent with the predictions of the Kurchatov Institute (KI) conversion model and with those of the Estienne-Fallot (EF) summation model, leading to a plausible robust demise of the reactor antineutrino anomaly. We show that the results of several goodness of fit tests favor the KI and EF models over other models that we considered. We also discuss the implications of the new reactor flux models for short-baseline neutrino oscillations due to active-sterile mixing. We show that reactor data give upper bounds on active-sterile neutrino mixing that are not very different for the reactor flux models under consideration and are in tension with the large mixing required by the Gallium anomaly that has been refreshed by the recent results of the BEST experiment.
Since the ντ(ν¯τ)AZ→τ∓X{\textless}math{\textgreater}{\textless}msub is="true"{\textgreater}{\textless}mrow is="true"{\textgreater}{\textless}mi is="true"{\textgreater}ν{\textless}/mi{\textgreater}{\textless}/mrow{\textgreater}{\textless}mrow is="true"{\textgreater}{\textless}mi is="true"{\textgreater}τ{\textless}/mi{\textgreater}{\textless}/mrow{\textgreater}{\textless}/msub{\textgreater}{\textless}mo stretchy="false" is="true"{\textgreater}({\textless}/mo{\textgreater}{\textless}msub is="true"{\textgreater}{\textless}mrow is="true"{\textgreater}{\textless}mover accent="true" is="true"{\textgreater}{\textless}mrow is="true"{\textgreater}{\textless}mi is="true"{\textgreater}ν{\textless}/mi{\textgreater}{\textless}/mrow{\textgreater}{\textless}mrow is="true"{\textgreater}{\textless}mo stretchy="false" is="true"{\textgreater}¯{\textless}/mo{\textgreater}{\textless}/mrow{\textgreater}{\textless}/mover{\textgreater}{\textless}/mrow{\textgreater}{\textless}mrow is="true"{\textgreater}{\textless}mi is="true"{\textgreater}τ{\textless}/mi{\textgreater}{\textless}/mrow{\textgreater}{\textless}/msub{\textgreater}{\textless}mo stretchy="false" is="true"{\textgreater}){\textless}/mo{\textgreater}{\textless}msub is="true"{\textgreater}{\textless}mrow is="true"{\textgreater}{\textless}mi is="true"{\textgreater}A{\textless}/mi{\textgreater}{\textless}/mrow{\textgreater}{\textless}mrow is="true"{\textgreater}{\textless}mi is="true"{\textgreater}Z{\textless}/mi{\textgreater}{\textless}/mrow{\textgreater}{\textless}/msub{\textgreater}{\textless}mo stretchy="false" is="true"{\textgreater}→{\textless}/mo{\textgreater}{\textless}msup is="true"{\textgreater}{\textless}mrow is="true"{\textgreater}{\textless}mi is="true"{\textgreater}τ{\textless}/mi{\textgreater}{\textless}/mrow{\textgreater}{\textless}mrow is="true"{\textgreater}{\textless}mo is="true"{\textgreater}∓{\textless}/mo{\textgreater}{\textless}/mrow{\textgreater}{\textless}/msup{\textgreater}{\textless}mi is="true"{\textgreater}X{\textless}/mi{\textgreater}{\textless}/math{\textgreater} reaction is notoriously difficult to be directly measured, the information on the dynamics of this nuclear process should be extracted from the analysis of the energy and angular distributions of the tau decay visible products. These distributions depend, in addition to d2σ/(dEτdcos⁡θτ){\textless}math{\textgreater}{\textless}msup is="true"{\textgreater}{\textless}mrow is="true"{\textgreater}{\textless}mi is="true"{\textgreater}d{\textless}/mi{\textgreater}{\textless}/mrow{\textgreater}{\textless}mrow is="true"{\textgreater}{\textless}mspace width="0.2em" is="true"{\textgreater}{\textless}/mspace{\textgreater}{\textless}mn is="true"{\textgreater}2{\textless}/mn{\textgreater}{\textless}/mrow{\textgreater}{\textless}/msup{\textgreater}{\textless}mi is="true"{\textgreater}σ{\textless}/mi{\textgreater}{\textless}mo stretchy="false" is="true"{\textgreater}/{\textless}/mo{\textgreater}{\textless}mo stretchy="false" is="true"{\textgreater}({\textless}/mo{\textgreater}{\textless}mi is="true"{\textgreater}d{\textless}/mi{\textgreater}{\textless}msub is="true"{\textgreater}{\textless}mrow is="true"{\textgreater}{\textless}mi is="true"{\textgreater}E{\textless}/mi{\textgreater}{\textless}/mrow{\textgreater}{\textless}mrow is="true"{\textgreater}{\textless}mi is="true"{\textgreater}τ{\textless}/mi{\textgreater}{\textless}/mrow{\textgreater}{\textless}/msub{\textgreater}{\textless}mi is="true"{\textgreater}d{\textless}/mi{\textgreater}{\textless}mi mathvariant="normal" is="true"{\textgreater}cos{\textless}/mi{\textgreater}{\textless}mo is="true"{\textgreater}⁡{\textless}/mo{\textgreater}{\textless}msub is="true"{\textgreater}{\textless}mrow is="true"{\textgreater}{\textless}mi is="true"{\textgreater}θ{\textless}/mi{\textgreater}{\textless}/mrow{\textgreater}{\textless}mrow is="true"{\textgreater}{\textless}mi is="true"{\textgreater}τ{\textless}/mi{\textgreater}{\textless}/mrow{\textgreater}{\textless}/msub{\textgreater}{\textless}mo stretchy="false" is="true"{\textgreater}){\textless}/mo{\textgreater}{\textless}/math{\textgreater}, on the components of the tau-polarization vector. We give, for the first time, the general expression for the outgoing hadron (pion or rho meson) energy and angular differential cross section for the sequential ντAZ→τ−(π−ντ,ρ−ντ)X{\textless}math{\textgreater}{\textless}msub is="true"{\textgreater}{\textless}mrow is="true"{\textgreater}{\textless}mi is="true"{\textgreater}ν{\textless}/mi{\textgreater}{\textless}/mrow{\textgreater}{\textless}mrow is="true"{\textgreater}{\textless}mi is="true"{\textgreater}τ{\textless}/mi{\textgreater}{\textless}/mrow{\textgreater}{\textless}/msub{\textgreater}{\textless}msub is="true"{\textgreater}{\textless}mrow is="true"{\textgreater}{\textless}mi is="true"{\textgreater}A{\textless}/mi{\textgreater}{\textless}/mrow{\textgreater}{\textless}mrow is="true"{\textgreater}{\textless}mi is="true"{\textgreater}Z{\textless}/mi{\textgreater}{\textless}/mrow{\textgreater}{\textless}/msub{\textgreater}{\textless}mo stretchy="false" is="true"{\textgreater}→{\textless}/mo{\textgreater}{\textless}msup is="true"{\textgreater}{\textless}mrow is="true"{\textgreater}{\textless}mi is="true"{\textgreater}τ{\textless}/mi{\textgreater}{\textless}/mrow{\textgreater}{\textless}mrow is="true"{\textgreater}{\textless}mo linebreak="badbreak" linebreakstyle="after" is="true"{\textgreater}−{\textless}/mo{\textgreater}{\textless}/mrow{\textgreater}{\textless}/msup{\textgreater}{\textless}mo stretchy="false" is="true"{\textgreater}({\textless}/mo{\textgreater}{\textless}msup is="true"{\textgreater}{\textless}mrow is="true"{\textgreater}{\textless}mi is="true"{\textgreater}π{\textless}/mi{\textgreater}{\textless}/mrow{\textgreater}{\textless}mrow is="true"{\textgreater}{\textless}mo linebreak="badbreak" linebreakstyle="after" is="true"{\textgreater}−{\textless}/mo{\textgreater}{\textless}/mrow{\textgreater}{\textless}/msup{\textgreater}{\textless}msub is="true"{\textgreater}{\textless}mrow is="true"{\textgreater}{\textless}mi is="true"{\textgreater}ν{\textless}/mi{\textgreater}{\textless}/mrow{\textgreater}{\textless}mrow is="true"{\textgreater}{\textless}mi is="true"{\textgreater}τ{\textless}/mi{\textgreater}{\textless}/mrow{\textgreater}{\textless}/msub{\textgreater}{\textless}mo is="true"{\textgreater},{\textless}/mo{\textgreater}{\textless}msup is="true"{\textgreater}{\textless}mrow is="true"{\textgreater}{\textless}mi is="true"{\textgreater}ρ{\textless}/mi{\textgreater}{\textless}/mrow{\textgreater}{\textless}mrow is="true"{\textgreater}{\textless}mo linebreak="badbreak" linebreakstyle="after" is="true"{\textgreater}−{\textless}/mo{\textgreater}{\textless}/mrow{\textgreater}{\textless}/msup{\textgreater}{\textless}msub is="true"{\textgreater}{\textless}mrow is="true"{\textgreater}{\textless}mi is="true"{\textgreater}ν{\textless}/mi{\textgreater}{\textless}/mrow{\textgreater}{\textless}mrow is="true"{\textgreater}{\textless}mi is="true"{\textgreater}τ{\textless}/mi{\textgreater}{\textless}/mrow{\textgreater}{\textless}/msub{\textgreater}{\textless}mo stretchy="false" is="true"{\textgreater}){\textless}/mo{\textgreater}{\textless}mi is="true"{\textgreater}X{\textless}/mi{\textgreater}{\textless}/math{\textgreater} and ν¯τAZ→τ+(π+ν¯τ,ρ+ν¯τ)X{\textless}math{\textgreater}{\textless}msub is="true"{\textgreater}{\textless}mrow is="true"{\textgreater}{\textless}mover accent="true" is="true"{\textgreater}{\textless}mrow is="true"{\textgreater}{\textless}mi is="true"{\textgreater}ν{\textless}/mi{\textgreater}{\textless}/mrow{\textgreater}{\textless}mrow is="true"{\textgreater}{\textless}mo stretchy="false" is="true"{\textgreater}¯{\textless}/mo{\textgreater}{\textless}/mrow{\textgreater}{\textless}/mover{\textgreater}{\textless}/mrow{\textgreater}{\textless}mrow is="true"{\textgreater}{\textless}mi is="true"{\textgreater}τ{\textless}/mi{\textgreater}{\textless}/mrow{\textgreater}{\textless}/msub{\textgreater}{\textless}msub is="true"{\textgreater}{\textless}mrow is="true"{\textgreater}{\textless}mi is="true"{\textgreater}A{\textless}/mi{\textgreater}{\textless}/mrow{\textgreater}{\textless}mrow is="true"{\textgreater}{\textless}mi is="true"{\textgreater}Z{\textless}/mi{\textgreater}{\textless}/mrow{\textgreater}{\textless}/msub{\textgreater}{\textless}mo stretchy="false" is="true"{\textgreater}→{\textless}/mo{\textgreater}{\textless}msup is="true"{\textgreater}{\textless}mrow is="true"{\textgreater}{\textless}mi is="true"{\textgreater}τ{\textless}/mi{\textgreater}{\textless}/mrow{\textgreater}{\textless}mrow is="true"{\textgreater}{\textless}mo linebreak="badbreak" linebreakstyle="after" is="true"{\textgreater}+{\textless}/mo{\textgreater}{\textless}/mrow{\textgreater}{\textless}/msup{\textgreater}{\textless}mo stretchy="false" is="true"{\textgreater}({\textless}/mo{\textgreater}{\textless}msup is="true"{\textgreater}{\textless}mrow is="true"{\textgreater}{\textless}mi is="true"{\textgreater}π{\textless}/mi{\textgreater}{\textless}/mrow{\textgreater}{\textless}mrow is="true"{\textgreater}{\textless}mo linebreak="badbreak" linebreakstyle="after" is="true"{\textgreater}+{\textless}/mo{\textgreater}{\textless}/mrow{\textgreater}{\textless}/msup{\textgreater}{\textless}msub is="true"{\textgreater}{\textless}mrow is="true"{\textgreater}{\textless}mover accent="true" is="true"{\textgreater}{\textless}mrow is="true"{\textgreater}{\textless}mi is="true"{\textgreater}ν{\textless}/mi{\textgreater}{\textless}/mrow{\textgreater}{\textless}mrow is="true"{\textgreater}{\textless}mo stretchy="false" is="true"{\textgreater}¯{\textless}/mo{\textgreater}{\textless}/mrow{\textgreater}{\textless}/mover{\textgreater}{\textless}/mrow{\textgreater}{\textless}mrow is="true"{\textgreater}{\textless}mi is="true"{\textgreater}τ{\textless}/mi{\textgreater}{\textless}/mrow{\textgreater}{\textless}/msub{\textgreater}{\textless}mo is="true"{\textgreater},{\textless}/mo{\textgreater}{\textless}msup is="true"{\textgreater}{\textless}mrow is="true"{\textgreater}{\textless}mi is="true"{\textgreater}ρ{\textless}/mi{\textgreater}{\textless}/mrow{\textgreater}{\textless}mrow is="true"{\textgreater}{\textless}mo linebreak="badbreak" linebreakstyle="after" is="true"{\textgreater}+{\textless}/mo{\textgreater}{\textless}/mrow{\textgreater}{\textless}/msup{\textgreater}{\textless}msub is="true"{\textgreater}{\textless}mrow is="true"{\textgreater}{\textless}mover accent="true" is="true"{\textgreater}{\textless}mrow is="true"{\textgreater}{\textless}mi is="true"{\textgreater}ν{\textless}/mi{\textgreater}{\textless}/mrow{\textgreater}{\textless}mrow is="true"{\textgreater}{\textless}mo stretchy="false" is="true"{\textgreater}¯{\textless}/mo{\textgreater}{\textless}/mrow{\textgreater}{\textless}/mover{\textgreater}{\textless}/mrow{\textgreater}{\textless}mrow is="true"{\textgreater}{\textless}mi is="true"{\textgreater}τ{\textless}/mi{\textgreater}{\textless}/mrow{\textgreater}{\textless}/msub{\textgreater}{\textless}mo stretchy="false" is="true"{\textgreater}){\textless}/mo{\textgreater}{\textless}mi is="true"{\textgreater}X{\textless}/mi{\textgreater}{\textless}/math{\textgreater} reactions. Though all possible nuclear reaction mechanisms contribute to the distribution, it may be possible to isolate/enhance one of them by implementing appropriate selection criteria. For the case of the quasi-elastic reaction off oxygen and neutrino energies below 6 GeV, we show that the pion distributions are quite sensitive to the details of the tau-polarization components. We find significant differences between the full calculation, where the longitudinal and transverse components of the tau polarization vector vary with the energy and the scattering angle of the produced tau, and the simplified scheme in which the polarizations are set to one and zero, being the latter their respective asymptotic values reached in the high energy regime. In addition to its potential impact on neutrino oscillation analyses, this result can be used to further test different nuclear models, since these observables provide complementary information to that obtained by means of the inclusive nuclear weak charged-current differential cross section. We also study the effects on the cross section of the W4{\textless}math{\textgreater}{\textless}msub is="true"{\textgreater}{\textless}mrow is="true"{\textgreater}{\textless}mi is="true"{\textgreater}W{\textless}/mi{\textgreater}{\textless}/mrow{\textgreater}{\textless}mrow is="true"{\textgreater}{\textless}mn is="true"{\textgreater}4{\textless}/mn{\textgreater}{\textless}/mrow{\textgreater}{\textless}/msub{\textgreater}{\textless}/math{\textgreater} and W5{\textless}math{\textgreater}{\textless}msub is="true"{\textgreater}{\textless}mrow is="true"{\textgreater}{\textless}mi is="true"{\textgreater}W{\textless}/mi{\textgreater}{\textless}/mrow{\textgreater}{\textless}mrow is="true"{\textgreater}{\textless}mn is="true"{\textgreater}5{\textless}/mn{\textgreater}{\textless}/mrow{\textgreater}{\textless}/msub{\textgreater}{\textless}/math{\textgreater} nuclear structure functions, which contributions are proportional to the charged lepton mass, and therefore difficult to constrain in muon and electron neutrino experiments.
This review demonstrates the unique role of the neutrino by discussing in detail the physics of and with neutrinos. We deal with neutrino sources, neutrino oscillations, absolute masses, interactions, the possible existence of sterile neutrinos, and theoretical implications. In addition, synergies of neutrino physics with other research fields are found, and requirements to continue successful neutrino physics in the future, in terms of technological developments and adequate infrastructures, are stressed.},
	language = {en},
	number = {5},
	urldate = {2022-05-30},
	journal = {Physics Reports},
	author = {Llewellyn Smith, C. H.},
	month = jun,
	year = {1972},
	pages = {261--379},
	file = {ScienceDirect Snapshot:C\:\\Users\\p_h_m\\Zotero\\storage\\3T86I4X7\\0370157372900105.html:text/html},
}

@article{vladisavljevic_constraining_2018,
	title = {Constraining the {T2K} {Neutrino} {Flux} {Prediction} with 2009 {NA61}/{SHINE} {Replica}-{Target} {Data}},
	url = {http://arxiv.org/abs/1804.00272},
	doi = {10.5281/zenodo.1300546},
	abstract = {Accurate modelling of the T2K neutrino flux is crucial for a better understanding of neutrino interactions at the near and far detectors. Most of T2K neutrinos are created through in-flight decays of unstable hadrons, produced by interactions of 31 GeV/c protons in a long graphite target (90 cm). External hadron production data is used for correcting the flux model. The analysis presented here uses a new NA61 dataset, collected in 2009 using the full length replica of the T2K target. The preliminary results suggest a reduction of the hadronic interaction component of the neutrino flux uncertainty by {\textasciitilde}50\%, to errors of less than 5\%.},
	urldate = {2022-05-31},
	author = {Vladisavljevic, Tomislav},
	month = jun,
	year = {2018},
	note = {arXiv:1804.00272 [hep-ex, physics:physics]},
	keywords = {High Energy Physics - Experiment, Physics - Instrumentation and Detectors},
	file = {arXiv Fulltext PDF:C\:\\Users\\p_h_m\\Zotero\\storage\\B962WEZB\\Vladisavljevic - 2018 - Constraining the T2K Neutrino Flux Prediction with.pdf:application/pdf;arXiv.org Snapshot:C\:\\Users\\p_h_m\\Zotero\\storage\\2N5NVYAW\\1804.html:text/html},
}
